<?xml version='1.0' encoding='UTF-8'?>
<record xmlns="http://www.loc.gov/MARC21/slim">
  <leader>01176cam a2200277   4500</leader>
  <controlfield tag="001">2822080</controlfield>
  <controlfield tag="003">NjP</controlfield>
  <controlfield tag="005">20171018172833.0</controlfield>
  <controlfield tag="008">860917s1968    iq       b    000 0 arao </controlfield>
  <datafield tag="024" ind1="7" ind2=" ">
    <subfield code="a">princeton_aco002022</subfield>
    <subfield code="2">local</subfield>
  </datafield>
  <datafield ind1=" " ind2=" " tag="010">
    <subfield code="a">ne 68002812  </subfield>
  </datafield>
  <datafield ind1=" " ind2=" " tag="035">
    <subfield code="a">(OCoLC)ocm14228328</subfield>
  </datafield>
  <datafield ind1=" " ind2=" " tag="035">
    <subfield code="9">CNQ1104TS</subfield>
  </datafield>
  <datafield ind1=" " ind2=" " tag="040">
    <subfield code="a">DLC</subfield>
    <subfield code="c">CUY</subfield>
    <subfield code="d">PUL</subfield>
  </datafield>
  <datafield ind1=" " ind2=" " tag="043">
    <subfield code="a">a-iq---</subfield>
  </datafield>
  <datafield ind1="0" ind2=" " tag="050">
    <subfield code="a">HD7091</subfield>
    <subfield code="b">.S253</subfield>
  </datafield>
  <datafield ind1="1" ind2=" " tag="100">
    <subfield code="a">Saʻīd, Ṣādiq Mahdī.</subfield>
  </datafield>
  <datafield ind1="1" ind2="0" tag="245">
    <subfield code="a">Ḍamān al-ijtimāʻī wa-qānūn al-ḍamān al-ijtimāʻī al-ʻIrāqī al-munaffadh iʻtibāran min 1/4/1966</subfield>
    <subfield code="c">[taʾlīf] Ṣādiq Mahdī al-Saʻīd.</subfield>
  </datafield>
  <datafield ind1=" " ind2=" " tag="260">
    <subfield code="a">Baghdād,</subfield>
    <subfield code="b">Maṭbaʻat al-Maʻārif,</subfield>
    <subfield code="c">1968.</subfield>
  </datafield>
  <datafield ind1=" " ind2=" " tag="300">
    <subfield code="a">443 p.</subfield>
    <subfield code="c">25 cm.</subfield>
  </datafield>
  <datafield ind1=" " ind2=" " tag="500">
    <subfield code="a">Added t.p.: Sécurité sociale et la loi de sécurité sociale en Irak, par Sadek M. el-Said.</subfield>
  </datafield>
  <datafield ind1=" " ind2=" " tag="504">
    <subfield code="a">Bibliographical footnotes.</subfield>
  </datafield>
  <datafield ind1=" " ind2="0" tag="650">
    <subfield code="a">Social security.</subfield>
    <subfield code="0">http://id.loc.gov/authorities/subjects/sh85124036</subfield>
  </datafield>
  <datafield ind1=" " ind2="0" tag="650">
    <subfield code="a">Social security</subfield>
    <subfield code="z">Iraq.</subfield>
  </datafield>
  <datafield ind1="1" ind2=" " tag="710">
    <subfield code="a">Iraq.</subfield>
    <subfield code="t">Laws, etc. Qānūn al-ḍamān al-ijtimāʻī (1964)</subfield>
    <subfield code="0">http://id.loc.gov/authorities/names/n79077342</subfield>
  </datafield>
  <datafield ind1=" " ind2=" " tag="945">
    <subfield code="a">F</subfield>
    <subfield code="b">1</subfield>
    <subfield code="c">2274.79928.328</subfield>
  </datafield>
  <datafield ind1=" " ind2=" " tag="911">
    <subfield code="a">20000220</subfield>
  </datafield>
  <datafield ind1="0" ind2="0" tag="852">
    <subfield code="0">3134269</subfield>
    <subfield code="b">nec</subfield>
    <subfield code="t">1</subfield>
    <subfield code="h">HD7091</subfield>
    <subfield code="i">.S253 1968</subfield>
  </datafield>
  <datafield ind1=" " ind2=" " tag="959">
    <subfield code="a">2009-07-01 15:10:26 -0400</subfield>
  </datafield>
</record>
